2444 4366
102 3751 104 3756 ’
158 3766 174 3794 κ

193 202 195 207 ¹
260 294 343 395 rur
568 208 615 355 IS.
647 265 849 385 Ambrofii

131 546 146 563 ,,
258 469 396 566 semper
427 463 462 540 se
493 486 641 543 manere
671 465 918 564 promiserunt.
990 463 1173 540 atvero

258 582 424 665 utraeque
450 580 622 664 perpetuo
644 565 861 662 virginitatis
887 572 976 639 uoto'
996 559 1173 649 adstritiae

165 700 190 721 -“
258 671 426 758 fuerunt3
467 667 593 740 Patres
619 667 715 740 enim
741 665 901 740 maxime
937 664 974 740 S.
1002 663 1173 760 Augusti·

257 790 328 843 uus
350 789 458 840 voces
481 767 679 864 propofitum
713 766 750 840 dr
783 775 893 838 votum
915 764 1044 840 eodem
1070 762 1174 843 usur·

256 880 389 963 parunt
428 865 642 959 significatu,
685 888 731 937 ex
755 886 827 960 quo
857 862 1056 959 colligitur,
1099 862 1174 937 vir·

257 967 382 1060 'ginuru
425 964 462 1037 dr
507 965 769 1039 continentium
805 963 950 1039 vivendi
992 965 1173 1037 rationem

258 1065 468 1140 Christianae
492 1066 676 1161 religionis
698 1076 809 1139 aetate
836 1085 908 1135 non
934 1061 1001 1135 esse
1022 1061 1174 1138 inserin-

257 1187 355 1249 rem,
382 1166 417 1237 dt
438 1159 514 1257 jam
539 1165 623 1237 inde
645 1166 690 1237 ab
710 1161 925 1253 apostolicis
947 1161 1173 1256 temporibus

257 1263 398 1361 puellas
423 1262 595 1349 extitisse,
631 1284 712 1359 qnae
740 1263 816 1335 Deo
840 1261 1085 1356 virginitatem
1111 1258 1175 1337 seu

257 1374 365 1448 voto,
408 1362 467 1435 seu
492 1362 597 1437 firmo
622 1374 805 1459 perpetuae
830 1361 1064 1436 continentiae
1092 1370 1178 1457 ρῐοέ

229 1460 358 1542 ἱπιίίΐο
393 1460 659 1546 consecrarent,
710 1461 746 1551 dr
781 1460 936 1558 denique
969 1460 1051 1536 haee
1087 1472 1175 1537 vota

258 1583 380 1637 coram
407 1561 591 1656 Episcopis
622 1558 686 1635 aut
712 1558 932 1658 presbyteris
958 1572 1021 1634 aut
1046 1564 1177 1655 pereni

151 1726 153 1731 .
259 1661 358 1736 tibus
392 1670 455 1732 aut
485 1661 653 1735 omnibus
685 1657 894 1736 Christianis
936 1660 1176 1736 declararent

261 1760 376 1855 Porro
409 1770 577 1852 gemente
607 1761 669 1833 sub
701 1752 929 1837 acerbissimis
960 1759 1177 1854 persecutio:

263 1859 371 1934 nibus
400 1857 556 1932 Ecelefia
587 1859 727 1933 eaedem
758 1858 916 1954 virgines
948 1858 984 1933 in
1011 1868 1188 1953 paterna-²·

263 1980 352 2037 rum·
370 1957 504 2040 aedium
529 1956 663 2031 secreto
688 1960 887 2052 degebant,
914 1958 973 2031 sed
995 1980 1084 2054 paee
1109 1958 1178 2035 Ec·

264 2055 380 2130 clefiae
414 2055 553 2130 reddita
584 2057 659 2132 illae
695 2055 763 2130 Dei
798 2056 931 2154 sponsae
964 2056 1178 2133 monasteria

263 2155 448 2232 instituere
487 2157 655 2253 aggressae
694 2156 773 2230 sunt
806 2158 844 2232 in
879 2157 1054 2232 Oriente:
1081 2160 1177 2267 unde

264 2255 301 2329 S.
339 2254 555 2329 Athanasius
587 2255 808 2332 Arianorum
835 2255 1081 2351 perseeutione
1106 2264 1178 2332 've-

215 2378 225 2423 ’.
262 2371 373 2428 xatus
409 2354 566 2430 Romam
609 2354 751 2448 fugiens
792 2354 919 2432 nmilia
964 2355 1178 2432 monasteria

148 2492 151 2499 ν
260 2453 397 2533 ibidem
420 2454 646 2530 construendi
667 2453 787 2529 ansam
815 2457 924 2530 dedit.
961 2454 1001 2528 ln
1014 2454 1189 2552 jurando·

262 2564 386 2628 autem
421 2565 498 2628 tam
532 2554 648 2629 santio
683 2553 720 2629 dr
751 2556 831 2627 utili
857 2556 1017 2632 instituto
1043 2556 1179 2635 nemini

262 2653 471 2728 inferiorem
505 2652 540 2726 se
573 2651 739 2726 exhibuit
774 2652 913 2730 sandius
946 2656 1194 2742 Ambrofins,-.

263 2754 325 2847 qui
351 2753 443 2825 illud
479 2775 551 2824 non
584 2751 696 2826 modo
721 2751 758 2824 in
784 2753 926 2850 propria
952 2755 1010 2829 sua
1036 2755 1179 2832 dioecesi

264 2873 391 2925 uerum
418 2851 528 2924 etiam
555 2872 617 2944 per
640 2850 776 2924 vicinas
802 2854 1060 2949 provincias&
1079 2867 1179 2931 trans

244 2952 377 3057 'maria
419 2953 534 3042 usqne
573 2951 610 3033 in
644 2947 808 3025 Africam
852 2951 889 3027 dr
922 2956 1179 3031 Mauritaniam

262 3048 518 3141 amplificavit:
544 3047 581 3125 dr
603 3072 687 3124 curn
712 3050 803 3126 nihil
823 3055 1008 3149 antiquius
1033 3055 1180 3131 haberet

263 3148 403 3221 santius
430 3146 609 3237 AntisteS‚
654 3171 762 3242 quam
792 3164 835 3226 ut
869 3153 1042 3247 populum
1080 3154 1183 3241 suum,

261 3245 409 3321 salutari
435 3248 594 3322 dottrina
620 3250 815 3336 imbueret,
859 3256 967 3328 tertio
1001 3252 1181 3348 episcopa·

264 3358 325 3420 tus
351 3346 400 3422 sui
425 3372 521 3422 anno
538 3349 666 3422 Christi
688 3374 771 3448 377.
800 3352 846 3424 de
872 3353 942 3425 hoe
967 3362 1187 3446 argttmento'

159 3509 163 3520 .
269 3447 458 3539 sequentes
484 3448 663 3521 sermones
691 3449 838 3536 habuit,
878 3474 1031 3547 quorum
1062 3453 1179 3526 exeita

261 3548 414 3648 rumore
441 3548 546 3621 beata
574 3548 681 3643 ipsius
707 3549 804 3621 soror
824 3551 1036 3625 Marcelline
1062 3553 1179 3627 eidem

295 3668 333 3718 er
354 3646 494 3745 litteras
521 3648 823 3742 tarnaprosnerum
848 3649 1036 3724 successum
1061 3663 1181 3746 gratu·

216 3768 230 3795 ·'
268 3669 345 3826 fate
367 3745 435 3835 esi,
475 3767 583 3844 quem
615 3749 726 3856 etiarn
749 3772 822 3848 per
853 3749 1188 3920 litterasrogaviti·

1035 3902 1038 3907 .
1144 3872 1166 3923 u
1218 3906 1220 3911 ,

747 3949 759 3989 i
