2444 4366
303 231 364 353 De
394 210 504 317 obitu
538 187 831 319 Valentiniani.
943 236 1037 349 ¹577

123 453 259 518 „mana
275 429 502 515 defecerant,
525 428 681 516 invidia,
701 429 739 504 dc
754 427 935 524 jactantia,
953 455 1036 528 quae

117 533 182 620 „in
204 533 387 627 plerisque
407 531 495 608 solet
510 531 682 610 fraternae
700 533 846 624 pietatis
863 531 942 628 jura
973 557 1037 606 va-

117 653 266 722 „cuarn
322 631 498 706 Videntes
529 655 592 702 eos
619 631 676 703 vel
700 632 841 727 angeli,
868 631 1035 708 veletrae
1068 650 1071 655 '

113 733 300 822 ·„animae,
327 732 373 804 ab
390 730 435 803 iis
451 786 460 813 ,
490 731 551 822 qui
563 731 674 805 veluti
690 736 867 805 comitatu
883 731 944 804 luo
960 731 1034 806 fta-

116 842 224 922 „tres
255 831 324 903 hos
360 827 398 903 δι
436 827 555 901 officio
590 830 818 903 deducebant
851 832 1033 905 dicentes:
1133 892 1135 897 ,

106 953 217 1026 ·„qaoe
239 929 383 1025 ascendit
405 927 577 1001 candida?
607 929 747 1026 innitens
765 927 869 1027 saper
884 932 1031 1026 fratrem

115 1029 248 1128 ,suun
274 1027 371 1102 Cant.
383 1028 426 1112 ‘8.
471 1028 549 1101 Nec
569 1051 637 1101 nos
658 1028 868 1102 dubitemus
892 1030 940 1104 de
956 1019 1040 1104 mel

115 1129 225 1222 „ritis
260 1127 534 1212 Valentiniani,
566 1128 623 1199 led
652 1126 728 1222 jam
754 1130 945 1203 credamus
974 1127 1034 1202 vel

116 1227 356 1317 „cerimoniis
371 1229 617 1319 angelorum,
653 1227 751 1322 quod
780 1229 917 1302 detersa
949 1227 1033 1302 labe

115 1329 286 1423 „peccati
314 1326 461 1399 ablutus
492 1325 687 1412 ascendat,
712 1346 822 1423 quem
851 1328 913 1403 lua
939 1325 1032 1401 fides

112 1427 252 1518 ,ravin
277 1424 314 1500 dt
333 1426 460 1523 petitio
474 1424 703 1500 consecravit.
1039 1428 1044 1444 “
1161 1434 1164 1438 ’

194 1604 253 1656 ao.
280 1578 412 1667 „Beati
433 1578 567 1681 ambo!
593 1573 707 1676 siquid
729 1602 824 1657 tneae
847 1581 1210 1669 orationesl'reenrn

112 1680 335 1773 „valebunt,
360 1681 459 1755 nulla
476 1681 555 1754 dies
571 1702 639 1753 uos
654 1679 794 1756 silentio
819 1683 1032 1775 praeteribit,
1040 1671 1199 1758 &stiffi-

111 1779 246 1875 „nulla
281 1779 520 1856 inhonoratos
550 1784 896 1868 commoratio,
931 1784 1033 1857 nulla

113 1902 211 1979 „ips
235 1902 310 1953 nox
336 1880 494 1952 donatos
523 1879 645 1973 aliqua
680 1903 826 1970 precum
865 1904 1031 1959 mearum

112 1981 377 2074 „contextione
396 1991 635 2052 transcurret:
662 1978 830 2052 omnibus
850 2004 916 2052 uos
931 1981 1034 2056 oblu-

114 2079 304 2177 „tiouibus
323 2077 571 2172 frequentabo,
600 2078 691 2163 Quis
710 2078 912 2172 prohibebit
926 2079 1032 2153 inno·

113 2179 226 2275 „xios
240 2173 456 2251 nominare?
477 2180 564 2272 quis
584 2179 721 2251 vetabit
746 2179 1032 2252 commendatio·
1061 2204 1065 2215 ·
1103 2207 1105 2211 ’

114 2279 203 2372 „nis
222 2277 467 2371 prosecutione
485 2274 700 2371 completii‘?
733 2275 803 2366 ipse
823 2299 883 2350 me
909 2279 1031 2365 citius,

114 2399 254 2474 „quam
277 2398 345 2452 vos
367 2375 578 2457 obliviscar,
608 2375 691 2449 &fi
718 2396 891 2471 umquam
915 2374 1033 2452 sermo

114 2476 298 2575 „tacebit3
317 2473 485 2569 loquetur
504 2472 672 2560 affectus,
690 2473 728 2550 δι
745 2473 769 2561 fi
788 2497 858 2546 vox
875 2473 1033 2562 deliciet,

115 2592 220 2671 „nou
244 2568 389 2649 deficiet
408 2576 548 2670 gratia,
584 2590 668 2670 quae
690 2577 783 2649 mels
804 2569 916 2648 infixa
939 2591 1033 2671 prae·
1057 2616 1065 2625 «⁴

113 2674 278 2773 ‚,cordiis
311 2673 370 2748 elb

193 2842 251 2897 ar.
284 2812 504 2905 „Quomodo
531 2816 740 2891 ceciderunt
763 2814 968 2910 potentes‘l
1000 2815 1033 2890 0
1160 2890 1163 2897 ,

116 2919 238 3013 „inihi
263 2917 438 2992 Gratiane
470 2914 507 2988 dt
538 2908 790 2990 Valentiniane
825 2907 1034 3001 chariffitui,

115 3037 255 3114 „quam
285 3014 434 3110 angulio
457 3016 569 3089 vitam
596 3014 668 3088 fine
691 3012 877 3086 clausistis!
916 3013 1035 3088 Doleo

117 3121 186 3211 „in
204 3133 242 3193 te
265 3117 315 3191 lili
336 3116 510 3191 Gratiane
532 3113 649 3188 suavis
666 3115 755 3187 mibi
772 3115 896 3186 valde:
924 3113 1037 3207 pluri·

116 3240 206 3310 „ma
224 3213 349 3293 dedisti
366 3230 441 3289 tuae
458 3214 603 3310 pietatis
619 3212 789 3307 insignia,
811 3229 851 3286 tu
865 3235 926 3285 nie
939 3214 1036 3286 inter

117 3333 211 3412 „tua
240 3315 398 3414 pericula
425 3314 660 3408 requirebas,
694 3313 793 3387 tuin
820 3311 894 3385 tuis
915 3325 1038 3384 extre·

118 3424 219 3509 „tuln
239 3438 300 3491 rne
319 3415 543 3510 appellabas,
573 3436 697 3488 meum
719 3412 765 3484 de
782 3427 819 3484 te
836 3409 1034 3503 plusdole⁴

120 3518 217 3610 „bas
232 3514 407 3589 dolorem.
451 3511 620 3586 Doleo&
640 3511 714 3606 jam
733 3529 769 3584 te
794 3511 846 3583 iili
871 3509 1036 3586 Valenti·

118 3616 279 3707 „niane,
297 3610 470 3711 speciosus
489 3611 581 3684 mibi
605 3611 733 3696 valde,
761 3624 802 3684 tu
819 3633 880 3706 per
895 3634 953 3684 me
968 3631 1036 3702 pu·

136 3775 147 3785 .
776 3758 778 3765 .
906 3711 1036 3794 „tabas

163 3825 294 3896 Scirum
312 3814 458 3907 Analffs
496 3807 706 3888 roesam
830 3803 901 3879 Οο
