2444 4366
228 230 297 323 De
321 217 565 351 virginibus.
602 228 686 319 rit».
717 226 777 317 ΙΙ.
876 258 958 367 12}
1010 314 1016 339 ,

91 452 156 507 cre
194 445 275 523 erat
305 430 505 524 lingentem
540 430 651 523 pedes
681 428 828 511 bestiam
859 429 963 506 cubi-

91 552 149 613 are
176 530 302 613 humi,
328 548 433 603 muto
456 528 704 605 testificantem
728 528 832 617 ioco,
862 529 962 626 quod

91 652 212 713 rcrum
242 628 392 721 virginis
425 650 556 724 corpus
581 632 717 709 violare
741 652 814 704 non
838 628 961 723 podet.

91 731 232 813 'autum
265 728 377 821 habet
400 728 588 823 virginitas
615 727 885 813 admirationis,
922 742 964 802 ut
1117 754 1121 761 ·

91 852 152 907 am
200 830 313 903 etiam
355 826 481 909 leones
518 828 713 902 mirentur:
762 827 964 901 docuerunt

91 927 308 1023 eligionem,
323 926 434 1003 ·dum
462 926 616 1001 adorant
653 938 875 1023 martyrem,
895 925 962 999 do·

91 1036 229 1103 uerunt
254 1024 473 1111 caritatem,
500 1026 591 1102 dum
608 1026 737 1127 virgini
754 1025 847 1109 nihil
864 1023 966 1109 aliud
991 1056 994 1061 ·
1089 1040 1093 1047 '

92 1125 135 1213 isr
175 1125 321 1231 plantas
349 1125 569 1209 osculantur,

320 1323 355 1401 C
376 1323 414 1401 Α
437 1324 466 1400 P
491 1323 578 1401 UT
635 1322 698 1401 lV.

124 1464 383 1584 Exemplum
410 1469 591 1583 virginis
617 1450 888 1583 Arrrr'oclrerrae.

108 1704 139 1746 ,,
138 1653 373 1789 Antiochiae
399 1679 513 1755 nuper
557 1657 662 1751 virgo
698 1654 868 1753 quaedam
894 1650 1109 1749 suitdlrcuu·⁸
1162 1638 1166 1651 '

94 1846 97 1851 Ι
202 1755 411 1850 '„fogitans
424 1757 560 1853 publici
576 1757 690 1846 visus,
716 1757 776 1829 led
792 1777 867 1850 quo
887 1774 949 1829 ma
971 1738 1054 1837 9¹3⁹?
1075 1752 1153 1880 γ

91 1850 138 1949 ris
171 1854 333 1931 virorum
359 1855 520 1937 evitabat
544 1856 690 1942 oculos,
735 1878 782 1929 eo
811 1852 966 1950 amplius
975 1837 1145 1973 ww*
1176 1898 1195 1935 .

91 1950 308 2035 ncendebat.
359 1954 490 2031 sanna
512 1968 638 2031 autem
662 1955 785 2049 virgo,
819 1978 865 2026 ne
886 1954 967 2027 diu·
1115 1944 1127 1969 “

91 2055 153 2127 ius
181 2052 365 2130 alerentur
392 2055 555 2152 potiendi
578 2053 636 2147 spe
661 2051 887 2150 cupiditatis,
914 2052 970 2127 in·

90 2150 289 2247 egritatem
311 2156 460 2250 pudoris
483 2153 633 2251 prolclla
655 2152 702 2227 fic
719 2152 879 2226 restinxit
903 2152 973 2226 im·

91 2251 422 2339 roborum-faces,
439 2268 483 2331 ut
507 2254 676 2348 jamnon
701 2264 886 2330 amaretur
911 2250 972 2324 sed

91 2349 312 2429 nodaretur:
328 2352 531 2433 undefalia
544 2352 594 2426 est
607 2350 814 2448 persecutio.
845 2349 973 2429 Puella

91 2450 209 2624 'erpere
226 2448 364 2536 nescia,
387 2464 484 2527 certe
503 2452 651 2548 pavida,
678 2472 725 2525 ne
744 2447 918 2539 incideret
935 2447 974 2522 in

90 2573 115 2626 n
144 2548 307 2629 diatones
331 2549 504 2647 pudoris,
544 2554 706 2631 animum
730 2550 777 2627 ad
803 2550 976 2622 virtutem

91 2649 246 2733 iurarit,
267 2661 351 2743 'tam
375 2649 559 2746 religiosa,
589 2666 630 2727 ut
655 2661 811 2729 mortem
837 2671 908 2727 unu
928 2650 977 2722 ti·

91 2758 225 2832 neret,
266 2760 345 2833 tarn
367 2749 517 2845 pudica,
553 2761 595 2828 ut
621 2747 836 2844 expediarer.
905 2746 976 2819 Ve-

91 2848 140 2923 rit
168 2866 314 2928 torouae
346 2848 449 2936 dics,
474 2851 685 2947 producitur
707 2846 828 2944 puella
841 2844 977 2943 duplex

91 2942 236 3027 irofcffa
265 2958 451 3027 certamen
484 2948 522 3023 dr
556 2947 730 3024 castitatis
761 2946 799 3022 dr
831 2946 977 3039 reiigio-

91 3044 156 3121 ιίε.
209 3043 285 3121 Sed
321 3046 588 3127 obtuderunt
625 3046 862 3122 conllantiam
896 3066 980 3141 pro·

91 3141 264 3230 z'effionis,
299 3157 440 3223 metum
470 3148 637 3243 pudoris,
675 3147 835 3241 cogitare
861 3166 979 3240 coepe·

91 3254 194 3331 runt,
231 3244 539 3341 quemadmodum
573 3246 688 3343 specie
720 3244 892 3321 castitatis
925 3266 982 3316 re·

91 3341 262 3439 [igionem
300 3344 472 3424 tollerent
479 3369 508 3437 ς’
538 3360 602 3424 aut
641 3344 837 3426 lucrificare
873 3347 983 3446 virgi·

91 3456 172 3520 nem
205 3455 270 3519 aut
298 3442 337 3525 in
357 3444 523 3541 lupanari
556 3445 716 3544 prostitui
740 3444 880 3542 jubent,

136 3650 171 3727 p.
208 3623 309 3709 „Hic
339 3608 462 3724 puella
500 3629 641 3705 secum:
690 3631 775 3727 quid
809 3595 993 3724 ag'imnsr·

91 3724 204 3803 hodie
232 3738 297 3803 aut
319 3743 459 3857 martyr
476 3744 556 3905 ¹apt1
575 3732 696 3924 pirgo,
735 3731 849 3812 ultera
866 3728 985 3920 ‚pippis

990 3944 1165 4122 mr
