2444 4366
130 218 134 222 ,
218 166 282 259 ue
302 88 749 282 of'fic'eoinuurm.
783 161 928 255 out.
984 192 1042 283 ³⁹

120 331 345 469 ..gloriam
360 361 489 439 offerat
509 364 546 439 ie
566 362 757 461 periculis,
789 385 876 460 quae
895 362 1041 440 fortnffe

120 491 240 565 „caro
273 465 475 550 infirmior,
511 475 577 540 eut
602 462 774 541 remiffiot
798 464 943 543 unimus
969 462 1042 539 ier-

120 591 191 665 „te
219 592 266 650 ac
293 564 448 644 tolerate
471 586 544 639 non
569 577 690 663 queat.
841 658 847 667 .

336 760 369 836 C
394 758 595 836 APUT
634 759 838 841 xxxviii.
901 742 916 773 ⁹

176 906 386 1025 Adversus
406 904 559 1019 futuru
590 905 835 995 incommodo
867 933 980 996 meus

483 1041 684 1126 roborwiu.

118 1225 179 1316 ⁶³·
205 1215 350 1350 N
358 1214 852 1413 tuequuueuu
859 1190 1033 1413 itu
1043 1220 1214 1386 ou

115 1427 188 1509 „ut
213 1414 328 1493 nuliis
360 1416 561 1511 perturbati
587 1415 732 1495 auitum
760 1413 862 1513 poffit
885 1371 1148 1493 utconlu-¹⁰

116 1517 237 1607 „bus,
267 1512 380 1591 n'nllis
402 1513 583 1612 suppliciis
606 1515 735 1594 cedere
747 1537 759 1608 3
783 1513 923 1591 lienim
946 1536 1031 1612 pto«
1042 1505 1139 1556 Ψ·

115 1636 262 1712 „ponas
285 1615 399 1693 divini
421 1613 548 1712 judicii
574 1626 735 1702 metum,
770 1614 934 1712 penpetui
950 1614 1031 1713 iup-

116 1714 243 1813 „plicii
259 1725 461 1801 tormenta,
478 1723 584 1810 poteo
605 1713 718 1795 animi
734 1712 850 1789 subire
871 1713 1032 1792 toletan·

118 1817 246 1905 „tiam
306 1812 391 1888 Hoc
414 1814 527 1911 igitur
557 1812 758 1911 diligentiae
788 1812 863 1901 est,
904 1812 1030 1917 vigore

115 1915 280 2007 „meotis
311 1915 538 2011 praevidere,
583 1911 955 2010 quesanctorum,
989 1910 1029 1991 δι

115 2016 232 2112 „quid
258 2034 364 2109 agere
388 2012 539 2098 debeat,
564 2010 661 2093 fiita
681 2011 876 2100 acciderit,
900 2011 1030 2088 defini·

112 2137 190 2206 „re
242 2112 365 2188 Fortis
390 2135 477 2210 ergo
502 2111 552 2194 est
575 2112 665 2202 viti,
696 2136 771 2190 non
788 2108 1028 2201 uffimulcre,

111 2236 226 2306 „cum
259 2212 397 2310 aliquid
426 2211 636 2300 immineat,
682 2210 744 2292 sed
776 2210 928 2307 provide
963 2212 1030 2287 ob·

112 2315 242 2403 „viam
265 2313 374 2388 rebus
401 2311 554 2398 futuris,
578 2336 625 2387 ne
646 2310 743 2392 fotte
766 2311 865 2390 dicat
891 2309 1030 2411 postea:

116 2411 275 2505 „ideoin
292 2410 356 2491 iiia
372 2412 500 2500 incidi,
523 2412 608 2509 quin
625 2434 699 2486 non
714 2409 925 2498 arbitrabar,
950 2408 1030 2509 pos·

113 2512 175 2603 „se
201 2512 358 2586 evenire.
419 2511 523 2590 Sicut
544 2512 582 2585 in
602 2510 700 2586 bello
721 2507 934 2607 improvisus
960 2507 1029 2584 ho·

114 2612 202 2704 „stis
224 2612 287 2686 vix
312 2608 519 2696 sustinetur,
544 2610 598 2689 ita
620 2611 783 2691 animum
808 2608 906 2689 mala
924 2610 1030 2685 inex·
1175 2668 1183 2683 ,

113 2710 283 2811 „plorata
303 2710 386 2809 plus
411 2710 595 2807 frangunt.

185 2861 245 2950 64.
282 2855 323 2930 In
348 2854 407 2932 his
437 2855 549 2952 igitur
573 2853 716 2931 dnobus
740 2852 804 2931 illa
837 2853 886 2930 est
915 2848 1029 2929 enimi

113 2953 379 3046 ,‚excellcntia,
408 2969 450 3030 ut
472 2955 627 3051 primum
651 2955 796 3029 animus
815 2964 901 3030 tuus
922 2951 1028 3028 bonis

113 3055 324 3145 „exercitus
348 3052 631 3149 cogitationibus
662 3054 800 3130 muodo
824 3051 933 3130 corde
959 3050 1027 3125 bo·

112 3153 280 3254 „nestum
296 3153 427 3243 videat,
448 3151 654 3251 &judicet3
679 3153 810 3230 deinde
825 3149 1027 3253 nutilisper·

112 3254 308 3346 „turbetur
334 3252 650 3350 occupationibus,
685 3252 798 3330 nullis
819 3248 1028 3348 cupiditati·

112 3354 210 3445 „bus
229 3350 394 3428 iiutiuet:
421 3352 629 3448 deniqueut
641 3351 754 3450 fiquid
774 3350 946 3445 acciderit
960 3349 1027 3426 ad·

111 3450 249 3542 „versu
273 3451 383 3550 idque
407 3475 517 3550 grave
534 3451 571 3528 bc
587 3452 756 3530 acerbum
782 3461 947 3550 putetur,
973 3450 1027 3526 ita

111 3552 265 3646 „feras,
310 3562 352 3626 ut
383 3552 474 3630 nihil
502 3563 634 3648 praeter
663 3564 830 3638 naturam
862 3549 1026 3628 accidiise

110 3667 268 3754 ,‚putes‚
282 3675 377 3731 cum
392 3652 525 3754 legeris
529 3750 561 3828 C
569 3651 690 3733 nudus
708 3651 785 3731 sum
800 3662 930 3742 natus,
953 3672 1024 3827 gu-

582 3777 609 3849 4
926 3800 951 3844 u
979 3769 1024 3830 ¹¹8
