2444 4366
305 269 367 357 De
389 261 499 357 Fide.
538 260 678 357 Liar.
882 214 1014 383 2713

337 477 429 553 CA
454 479 482 553 P
509 480 543 555 U
567 479 598 554 T
645 479 691 554 X.

184 620 352 717 Divina
380 584 579 735 gereerorio
616 623 742 736 quuiis
762 622 832 739 fir.

92 868 102 893 .
134 863 163 903 „
238 832 285 885 on
307 831 354 884 ex
376 808 440 883 usn
457 809 699 902 generationis
718 811 888 886 hnmanae
907 831 961 885 ca·
975 814 1094 890 mnino

262 907 428 996 „lamnia
446 909 627 994 struenda,
653 930 769 1004 neque
785 934 831 984 ex
846 906 964 985 nostro
975 910 1134 992 generatio

92 1033 238 1089 ermone
261 1009 511 1104 componenda
527 1012 712 1103 generatio
729 1011 871 1085 divina:
899 1032 962 1083 ne·
975 1011 1034 1057 '‘⁰''
1056 997 1095 1081 ’β

92 1134 144 1190 ne
174 1110 272 1183 enim
301 1104 457 1201 angustis
486 1107 708 1185 sermonibus
736 1108 863 1183 nostris
891 1096 1118 1184 imfflm'

92 1211 207 1289 reniae
242 1206 527 1301 magnitudinem
554 1205 736 1304 possumus
758 1174 1022 1286 divinitatisi'·
1153 1230 1156 1237 ’

92 1310 275 1394 rciudere,
297 1304 405 1401 cujus
422 1304 683 1401 magnitudinis
702 1330 773 1382 non
793 1306 841 1379 esi
859 1308 954 1386 sinis:

92 1414 226 1511 nmque
254 1405 413 1481 hominis
436 1406 726 1501 generationem,
761 1402 958 1488 fideflnir'c'
1044 1420 1047 1425 ’

92 1506 287 1589 tutandas,
318 1519 462 1601 tempus
485 1503 659 1595 ostendis,
683 1508 869 1602 generatio
888 1532 955 1586 an·

93 1632 145 1685 an
168 1607 292 1682 divina
316 1598 419 1701 supra
447 1605 569 1680 omnia
591 1604 661 1692 est,
703 1608 831 1682 omnen
853 1609 953 1707 cogi·

93 1710 228 1785 itiones
255 1703 415 1779 ascendit
436 1702 472 1778 dr
495 1703 632 1797 sensum
666 1704 875 1803 imposirbile
902 1706 953 1786 est

93 1804 310 1899 enerationis
338 1802 425 1878 scire
449 1801 643 1905 secretum,
677 1827 782 1880 mens
806 1801 950 1901 deficit,

93 1931 140 1983 ox
169 1904 270 2007 silet,
302 1924 376 1979 non
398 1925 479 1979 mea
505 1916 667 1991 rantum,
703 1901 762 1979 sed
784 1903 981 2007 dranga-N

93 2026 197 2083 rrum.
247 2002 305 2079 Tn
328 2025 471 2103 quoque
501 2024 649 2079 manum
682 2005 949 2098 eundumne,

93 2105 210 2185 rotari
243 2127 317 2180 non
353 2101 440 2177 licet
471 2102 594 2179 diuina
623 2100 815 2199 mysteria:
859 2105 948 2184 licet

93 2206 171 2290 ἰῐο.
194 2202 292 2301 quod
312 2214 420 2278 natus
434 2200 496 2289 srt,
522 2225 596 2277 non
622 2201 708 2285 licet
730 2203 945 2294 discurrere,

93 2304 246 2383 rorando
272 2314 390 2393 natus,
410 2298 473 2375 fit:
511 2301 598 2397 quid
621 2313 658 2376 te
688 2300 752 2378 iiia
802 2303 945 2380 uaeiiio·

93 2428 149 2481 rm
167 2415 352 2479 tormenta
367 2399 573 2475 deiediant?
597 2403 702 2475 audis
715 2398 780 2476 Dei
820 2400 946 2480 ilium?

93 2522 124 2582 rr
136 2501 220 2578 dele
236 2525 388 2584 nomen,
410 2516 475 2575 aut
491 2498 642 2594 agnosce
659 2513 836 2576 naturam.
862 2501 944 2579 Au·

93 2628 112 2679 s
130 2616 293 2687 uterum,
320 2600 471 2695 agnosce
486 2599 729 2694 generationis
747 2596 942 2699 perspicuae

93 2704 277 2781 uitatem:
316 2700 422 2776 audis
447 2721 529 2785 cor,
571 2699 720 2775 verbnm
751 2700 943 2798 intellige:

93 2804 161 2881 nis
189 2801 400 2887 dexteram,
430 2796 623 2893 agnoscere
646 2798 844 2877 virtutem:
876 2824 943 2880 au·

94 2928 113 2981 r
138 2922 204 2989 οε,
226 2898 378 2998 agnosce
402 2896 623 2996 sapientiam.

297 3116 329 3194 C
352 3116 391 3194 A
414 3114 445 3192 P
469 3116 505 3192 U
527 3115 559 3193 T
607 3112 671 3193 xi.

186 3268 306 3352 Pater
333 3289 414 3350 nun
444 3258 633 3378 estprior
663 3260 778 3350 Filio.

112 3463 341 3636 „Quaerim
365 3475 488 3536 utrum
513 3460 610 3557 prior
627 3484 699 3535 non
721 3454 823 3562 poffit
835 3444 935 3546 effe,
948 3498 1038 3567 pm,
1054 3524 1114 3575 m

235 3565 326 3658 ‚.qui
349 3561 458 3635 Pater
474 3560 539 3636 ert:
564 3576 787 3656 quaeroate,
813 3560 985 3669 urdo-41
1004 3595 1093 3672 m„

94 3688 155 3751 ar,
188 3665 335 3759 qnando
356 3661 464 3736 Pater
492 3661 588 3757 prior
610 3659 737 3753 suerit3
776 3658 932 3751 testimo·
947 3673 1033 3742 Fun.

94 3788 141 3858 s,
173 3776 238 3842 aut
263 3758 488 3860 argumentis
510 3757 642 3855 collige
674 3756 934 3934 ueritatemgffisr
1167 3756 1173 3765 ’

785 3909 837 3951 *rr
915 3892 933 3920 ⁸
