2444 4366
158 272 244 386 586
457 265 504 361 S
534 253 735 381 Mirofii

237 492 294 545 11.
319 465 422 554 „Sed
447 465 486 542 dr
510 489 580 561 ego
602 465 718 542 dilexi
734 465 853 543 virum
880 465 1085 542 misericor·

159 567 302 654 „durus
317 566 494 642 humilem
512 569 551 642 ia
574 567 753 662 imperio,
790 563 901 640 eorde
921 587 1016 664 puro
1044 567 1085 642 de

7 750 12 761 p
157 666 328 763 „pedore
355 665 542 742 mansueto
579 667 798 762 praedirum,
831 666 979 763 qualern
1004 665 1087 740 Do-

157 769 308 856 „minus
330 787 455 841 amare
471 764 686 842 consuerit?
712 764 827 840 dilexi
853 766 997 851 virum,
1018 766 1088 862 qui·

156 868 301 960 „magis
316 864 565 960 arguentem,'
579 887 689 963 quam
715 866 928 963 adulantem
949 866 1084 962 praba·

30 958 134 1081 Μ
157 977 251 1055 „ret
301 963 441 1040 Stravit
455 987 664 1059 omneque
680 965 865 1050 utebatur,
874 963 1085 1060 infignere·

4 1111 10 1136 r
45 1083 58 1123 ··
87 1100 121 1148 e·
157 1065 313 1158 agium.
345 1064 493 1139 deflevit
525 1064 565 1139 in
588 1063 747 1141 Eccleiia
780 1063 924 1164 publice
948 1087 1081 1163 pecea-

7 1203 11 1215 ,
157 1175 263 1252 „tum
286 1162 411 1247 suum.
436 1164 536 1258 quod
567 1164 603 1238 ei
628 1164 783 1239 aliorum
815 1164 947 1238 frauda
971 1164 1083 1239 obre«

154 1264 326 1362 ‚,plerat,
353 1265 492 1357 gemitu
513 1262 552 1337 dr
575 1264 749 1359 lacrymis
766 1264 885 1338 oravit
911 1264 1081 1338 veniama

154 1365 282 1460 „quod
302 1365 432 1462 privari
448 1361 680 1450 crudelem,
705 1388 778 1439 non
794 1361 943 1441 erubuit
959 1363 1079 1460 lmpe·

153 1475 306 1554 „rator‚
341 1463 486 1558 publice
511 1486 619 1555 agere
644 1465 923 1561 praudentium,
958 1485 1075 1558 neque

65 1642 73 1651 ,
153 1562 279 1652 „ullus
300 1563 417 1658 postea
438 1562 517 1635 dies
532 1562 624 1649 fuit,
659 1585 734 1657 quo
757 1587 831 1636 nou
848 1561 956 1637 illum
971 1563 1076 1636 dole·

152 1673 238 1754 „ret
253 1683 422 1737 errorem.
462 1662 558 1749 Quid
578 1661 675 1758 quod
693 1661 906 1757 praeclaram
918 1663 1082 1758 adeptus

152 1759 388 1852 „vidioriamr
418 1771 542 1836 tamen
570 1762 656 1856 quia
679 1761 800 1836 hostes
824 1761 862 1836 iu
888 1761 968 1837 acie
992 1783 1078 1858 pro·

63 1888 92 1919 π
152 1861 278 1950 „iirati
302 1860 408 1947 inat,
432 1860 601 1937 abstinuit
621 1885 643 1935 a
667 1862 844 1941 consortio
871 1859 1079 1941 sacramu-

152 1972 321 2053 ‚‚torum‚
347 1961 467 2034 donee
480 1959 628 2035 Domini
644 1960 739 2035 cirea
755 1959 790 2034 se
805 1961 961 2054 gratiam
977 1959 1078 2041 filiu·

21 2065 26 2082 ⁸
154 2081 264 2151 „rum
299 2059 524 2156 experiretur
554 2059 725 2135 aduentu.
783 2059 913 2134 Dilexi'
931 2060 1073 2147 virum,

149 2158 240 2256 „qui
264 2165 384 2235 mein
410 2157 583 2252 supremis
611 2158 683 2234 suis
708 2160 840 2235 ultimo
866 2159 989 2256 spiritu
1012 2181 1099 2234 re·.

149 2258 343 2355 „quirebat
355 2315 367 2352 ‚
393 2257 505 2334 dilexi
531 2258 670 2344 virum,
701 2261 764 2356 qui
790 2282 872 2333 eum
887 2258 1075 2355 Jamxcor·

149 2379 264 2456 „pore
281 2358 491 2445 solveretur,
515 2359 633 2454 tnagis
650 2359 696 2431 de
711 2359 801 2439 iiaru
814 2359 1069 2445 acerrimum.

150 2480 288 2555 „quam
308 2458 357 2531 de
383 2457 469 2532 iuis.
486 2457 655 2555 periculis
688 2460 917 2552 argebatum
953 2457 1071 2536 dilexi

102 2606 110 2627 r
146 2581 285 2653 ,‚ergo‚
311 2556 349 2631 dt
381 2556 465 2633 ideo
501 2556 666 2632 dolorem
693 2582 816 2633 meum
850 2559 982 2635 intimo
1013 2560 1073 2633 vi-¹

147 2657 271 2748 „icere
291 2655 413 2740 dolui,
438 2655 669 2753 &praesumo
693 2658 740 2732 de
763 2657 944 2747 Domino,
968 2657 1069 2754 quod

28 2845 33 2853 Ι
88 2842 91 2850 .
147 2756 339 2854 „suscipiat
365 2779 492 2832 vocem
511 2757 688 2837 orationis
712 2779 806 2837 ureae
819 2811 829 2847 ,
856 2779 928 2859 qua
948 2756 1073 2861 prosee

146 2876 265 2959 „quor
283 2856 443 2937 animaru
465 2857 576 2960 piam.

72 3100 76 3106 ·
219 3089 275 3142 12.
303 3060 622 3160 „Circumdederunt
640 3060 834 3137 medelum
854 3061 989 3148 merlis.
1002 3087 1064 3162 pe·

143 3163 278 3253 „ricula
292 3163 414 3258 inserui
428 3164 617 3239 invenerunt
635 3187 695 3240 mr.
746 3160 950 3238 Multorum
966 3162 1073 3240 enim·

142 3262 329 3361 „pericula
358 3260 466 3346 sunt,
504 3260 565 3335 sed
585 3260 746 3336 remedia
769 3283 987 3364 paucorum·,
1024 3261 1065 3337 iu

142 3362 339 3457 „omnibus
362 3361 526 3436 sacerdos
553 3361 794 3455 periclitatur,
826 3364 864 3437 iu
891 3361 1064 3437 omnibus

56 3463 63 3466 ’
141 3462 240 3555 ,ssreis
253 3463 418 3556 angitur:
444 3461 541 3554 quod
561 3461 734 3535 enimalii
759 3460 1063 3560 patiuntur,.ipse

139 3562 330 3652 „iustinet,
358 3559 397 3634 dr
425 3562 767 3645 iterumliberatur,
794 3559 977 3642 camarii,
997 3561 1061 3658 qui

140 3675 336 3749 „tenentur
352 3678 366 3744 ,’
395 3660 564 3755 periculis
607 3661 816 3740 liberantur.
882 3660 1061 3735 Conteror

62 3776 68 3793 “
139 3762 298 3856 „eurde,
334 3760 417 3858 quia
435 3775 582 3861 ereptus
605 3759 654 3839 eii
677 3764 750 3851 vir,
776 3750 885 3857 quem
903 3760 964 3932 rip
981 3758 1060 3854 pos-

156 3902 173 3913 ··
701 3903 704 3907 ·
909 3881 1061 3949 „umus
